
@online{loremIpsum,
    author = {loremIpsum.com},
    title  = {Le titre de ce lorem ipsum},
    url    = {https://loremipsum.com},
    note   = {consulté le 1970-01-01}
}

@online{2eLoremIpsum,
  author = {lipsum.com},
  title  = {Un autre titre},
  url    = {https://lipsum.com},
  note   = {consulté le 1970-01-02}
}

@article{DetectionAsCode,
  title   = {Detection as Code, MISC 117},
  author  = {Caillault Olivier},
  journal = {MISC},
  pages   = {},
  year    = {2021}
}